<record><leader>00000cas a22000007a 4500</leader><controlfield tag="001">9427006</controlfield><controlfield tag="008">830419d18361918pauwr ne      0    0eng d</controlfield><datafield ind1=" " ind2=" " tag="010"><subfield code="a">sn 83045295 </subfield></datafield><datafield ind1=" " ind2=" " tag="040"><subfield code="a">CRL</subfield><subfield code="b">eng</subfield><subfield code="c">CRL</subfield><subfield code="d">NPW</subfield><subfield code="d">NPU</subfield><subfield code="d">NPH</subfield><subfield code="d">NPX</subfield><subfield code="d">NPH</subfield><subfield code="d">DLC</subfield><subfield code="d">NPH</subfield><subfield code="d">OCL</subfield><subfield code="d">OCLCQ</subfield><subfield code="d">DLC</subfield><subfield code="d">OCLCQ</subfield><subfield code="d">OCLCF</subfield></datafield><datafield ind1=" " ind2=" " tag="042"><subfield code="a">msc</subfield></datafield><datafield ind1=" " ind2=" " tag="043"><subfield code="a">n-us-pa</subfield></datafield><datafield ind1="0" ind2="0" tag="050"><subfield code="a">Newspaper 9375-X</subfield></datafield><datafield ind1="0" ind2=" " tag="130"><subfield code="a">Monroe Democrat (Stroudsburg, Pa.)</subfield></datafield><datafield ind1="1" ind2="4" tag="245"><subfield code="a">The Monroe Democrat.</subfield></datafield><datafield ind1=" " ind2=" " tag="260"><subfield code="a">Stroudsburg, Pa. :</subfield><subfield code="b">J. Rafferty,</subfield><subfield code="c">-1918.</subfield></datafield><datafield ind1=" " ind2=" " tag="300"><subfield code="a">v. :</subfield><subfield code="b">ill. (chiefly advertisements) ;</subfield><subfield code="c">55-66 cm.</subfield></datafield><datafield ind1=" " ind2=" " tag="310"><subfield code="a">Weekly</subfield></datafield><datafield ind1="1" ind2=" " tag="362"><subfield code="a">Began with Sept. 6, 1836 issue.</subfield><subfield code="z">Cf. Gregory, W. Amer. newspapers.</subfield></datafield><datafield ind1="0" ind2=" " tag="362"><subfield code="a">-v. 87, no. 2 (June 26, 1918).</subfield></datafield><datafield ind1=" " ind2=" " tag="500"><subfield code="a">Publishers: Barnet Schoonover &amp; Luther J. Ringwalt, &lt;1846&gt;; Amandus Ott Greenwald, &lt;1873-1876&gt;.</subfield></datafield><datafield ind1=" " ind2=" " tag="500"><subfield code="a">"Democratic."</subfield></datafield><datafield ind1=" " ind2=" " tag="500"><subfield code="a">Editor: J.L. Ringwalt, &lt;1852&gt;.</subfield></datafield><datafield ind1=" " ind2=" " tag="525"><subfield code="a">Supplements accompany some issues.</subfield></datafield><datafield ind1=" " ind2=" " tag="588"><subfield code="a">Description based on: Vol. 1, no. 21 (Feb. 1, 1837).</subfield></datafield><datafield ind1=" " ind2="0" tag="651"><subfield code="a">Stroudsburg (Pa.)</subfield><subfield code="v">Newspapers.</subfield></datafield><datafield ind1=" " ind2="7" tag="655"><subfield code="a">Newspapers.</subfield><subfield code="2">fast</subfield><subfield code="0">(OCoLC)fst01423814</subfield></datafield><datafield ind1=" " ind2="7" tag="651"><subfield code="a">Pennsylvania</subfield><subfield code="z">Stroudsburg.</subfield><subfield code="2">fast</subfield><subfield code="0">(OCoLC)fst01221941</subfield></datafield><datafield ind1=" " ind2=" " tag="752"><subfield code="a">United States</subfield><subfield code="b">Pennsylvania</subfield><subfield code="c">Monroe</subfield><subfield code="d">Stroudsburg.</subfield></datafield><datafield ind1="0" ind2="7" tag="785"><subfield code="t">Stroudsburg times</subfield><subfield code="w">(DLC)sn 88079074</subfield></datafield><datafield ind1="0" ind2="7" tag="785"><subfield code="t">Times-Democrat (Stroudsburg, Pa. : Weekly)</subfield><subfield code="w">(DLC)sn 87078057</subfield><subfield code="w">(OCoLC)14233711</subfield></datafield></record>